01REMESSA01COBRANCA       11500000000121      SUA RAZAO SOCIAL              422BANCO SAFRA    230719                                                                                                                                                                                                                                                                                                   001000001
1020002222200022211500000000121                               000000001                              000 10101000000000130071900000000705994220000001N230719160100000000000210000000000000000000000000000000031071902000000200011111000111NomePagador                             EndPagador                              Bairro Pag  01310932S A O PAULO    SP                                     422001000002
1020002222200022211500000000121                               000000002                              000 10101000000000230071900000000638774220000001N230719160100000000000190000000000000000000000000000000031071902000000200011111000111NomePagador                             EndPagador                              Bairro Pag  01310932S A O PAULO    SP                                     422001000003
1020002222200022211500000000121                               000000003                              000 10101000000000330071900000000587044220000001N230719160100000000000180000000000000000000000000000000031071902000000200011111000111NomePagador                             EndPagador                              Bairro Pag  01310932S A O PAULO    SP                                     422001000004
1020002222200022211500000000121                               000000004                              000 10101000000000430071900000000459774220000001N230719160100000000000140000000000000000000000000000000031071902000000200011111000111NomePagador                             EndPagador                              Bairro Pag  01310932S A O PAULO    SP                                     422001000005
1020002222200022211500000000121                               000000005                              000 10101000000000530071900000000492844220000001N230719160100000000000150000000000000000000000000000000031071902000000200011111000111NomePagador                             EndPagador                              Bairro Pag  01310932S A O PAULO    SP                                     422001000006
1020002222200022211500000000121                               000000006                              000 10101000000000630071900000000537904220000001N230719160100000000000160000000000000000000000000000000031071902000000200011111000111NomePagador                             EndPagador                              Bairro Pag  01310932S A O PAULO    SP                                     422001000007
1020002222200022211500000000121                               000000007                              000 10101000000000730071900000000600304220000001N230719160100000000000180000000000000000000000000000000031071902000000200011111000111NomePagador                             EndPagador                              Bairro Pag  01310932S A O PAULO    SP                                     422001000008
9                                                                                                                                                                                                                                                                                                                                                                               00000007000000000402261001000009
